@InProceedings{dp,
author={C. Dwork and F. McSherry and K. Nissim and A. Smith},
title={Calibrating Noise to Sensitivity in Private Data Analysis},
booktitle={Theory of Cryptography},
year={2006},
publisher={Springer Berlin Heidelberg},
address={Berlin, Heidelberg},
pages={265--284},
isbn={978-3-540-32732-5}
}


%%% cacheBar %%%
@manual{guide2010intel,
  key={Intel},
  title={Intel{\textregistered} 64 and IA-32 Architectures Software Developer's Manual},
  organization={Intel},
  year={2010}
}
@InProceedings{gruss:2015:FF,
  author = {D. Gruss and C. Maurice and K. Wagner and S. Mangard and
U. Zurutuza and  R. J. Rodr{\'i}guez},
  title = {{Flush+Flush}: A stealthier last-level cache attack},
booktitle={Detection of Intrusions and Malware, and Vulnerability
Assessment},
publisher={Springer},
  volume = {abs/1511.04594},
  year = 2016,
  pages={279--299},
}


@inproceedings{osvik2006cache,
	title={Cache attacks and countermeasures: the case of {AES}},
	author={D. A. Osvik and A. Shamir and E. Tromer},
	booktitle={Topics in Cryptology -- CT-RSA},
	year={2006},
	pages={1--20},
	publisher={Springer}
}
@inproceedings{irazoqui2015shared,
  author = {G. Irazoqui and T. Eisenbarth and B. Sunar},
  title = {{S\$A}: A shared cache attack that works across cores and defies {VM} sandboxing---and its application to {AES}},
  booktitle = {36\textsuperscript{th} IEEE Symposium on Security and Privacy},
  XXmonth = may,
  year = 2015,
pages={591-604}
}
@inproceedings{coppens2009practical,
  title={Practical mitigations for timing-based side-channel attacks on modern x86 processors},
  author={B. Coppens and I. Verbauwhede and K. De Bosschere and B. De Sutter},
  booktitle={30\textsuperscript{th} IEEE Symposium on Security and Privacy},
  pages={45--60},
  year={2009}
}
@inproceedings{crane2015thwarting,
  title={Thwarting cache side-channel attacks through dynamic software diversity},
  author={S. Crane and A. Homescu and S. Brunthaler and P. Larsen and M. Franz},
  booktitle={22\textsuperscript{nd} Network and Distributed System Security Symposium},
  pages={8--11},
  year={2015}
}
@inproceedings{konighofer2008fast,
  title={A fast and cache-timing resistant implementation of the {AES}},
  author={R. K{\"o}nighofer},
  booktitle={Topics in Cryptology -- CT-RSA},
  pages={187--202},
  year={2008}
}
@inproceedings{rane2015raccoon,
  title={Raccoon: Closing digital side-channels through obfuscated execution},
  author={A. Rane and C. Lin and M. Tiwari},
  booktitle={24\textsuperscript{th} USENIX Security Symposium},
  year={2015},
 pages={431--446}
}
@inproceedings{wang2008novel,
  title={A novel cache architecture with enhanced performance and security},
  author={Z. Wang and R. B. Lee},
  booktitle={41\textsuperscript{st} IEEE/ACM International Symposium on Microarchitecture},
  pages={83--93},
  year={2008}
}
@article{keramidas2008non,
  title={Non deterministic caches: A simple and effective defense against side channel attacks},
  author={G. Keramidas and A. Antonopoulos and D. N. Serpanos and S. Kaxiras},
  journal={Design Automation for Embedded Systems},
  volume={12},
  number={3},
  pages={221--230},
  year={2008}
}
@inproceedings{Liu:2014:RFC,
 author = {F. Liu and R. B. Lee},
 title = {Random Fill Cache Architecture},
 booktitle = {47\textsuperscript{th} IEEE/ACM International Symposium on Microarchitecture},
 year = {2014},
 pages = {203--215},
}
@inproceedings{kim2012stealthmem,
  title={{STEALTHMEM}: System-level protection against cache-based side channel attacks in the cloud},
  author={T. Kim and M. Peinado and G. Mainar-Ruiz},
  booktitle={21\textsuperscript{st} {USENIX} Security Symposium},
  pages={189--204},
  year={2012}
}

@inproceedings{CATalyst,
	author = {F. Liu and Q. Ge and Y. Yarom and F. Mckeen and C. Rozas and G. Heiser and R. B. Lee},
	title = {CATalyst: Defeating Last-Level Cache Side Channel Attacks in Cloud Computing},
	booktitle={22\textsuperscript{nd} IEEE Symposium on High Performance Computer Architecture},
	year      = {2016},
pages={406--418},
	XXmonth     = mar
}
@inproceedings{owens2011non,
  title={Non-interactive {OS} fingerprinting through memory de-duplication technique in virtual machines},
  author={R. Owens and W. Wang},
  booktitle={30\textsuperscript{th} IEEE International Performance Computing and Communications Conference},
  year={2011},
pages={1--8}
}

@InProceedings{dedup:sp16,
  author = 	 {E. Bosman and K. Razavi and H. Bos and C. Giuffrida}, 
  title = 	 {Dedup Est Machina: Memory Deduplication as an Advanced Exploitation Vector}, 
  booktitle = {37\textsuperscript{th} IEEE Symposium on Security and Privacy},
  year ={2016},
pages={987--1004}
  }
 
@misc{fabrega1995copy,
  title={Copy on write},
  author={F. J. T. F{\'a}brega and F. Javier and J. D. Guttman},
  year={1995},
}
@inproceedings{arcangeli2009increasing,
  title={Increasing memory density by using {KSM}},
  author={A. Arcangeli and I. Eidus and C. Wright},
  booktitle={Linux Symposium},
  pages={19--28},
  year={2009}
}

@misc{raikin2014tracking,
  title={Tracking mechanism coupled to retirement in reorder buffer for indicating sharing logical registers of physical register in record indexed by logical register},
  author={S. Raikin and J. D. Sager and Z. Sperber and E. Krimer and O. Lempel and S. Shwartsman and A. Yoaz and O. Golz},
  year={2014},
  XXmonth=dec # "~16",
  publisher={Google Patents},
  note={{US} Patent 8,914,617},
  url       = "http://www.freepatentsonline.com/8914617.html"
}
@inproceedings{elizaveta2001emd,
  author = {L. Elizaveta and P. Bickel},
  title = {The earth mover's distance is the {Mallows} distance},
  booktitle = {8\textsuperscript{th} International Conference on Computer Vision},
  pages = {251-256},
  year = 2001
}

%%%%%QIF in sscf
@article{Clark:2002:QAL,
  author  = {D. Clark and S. Hunt and P. Malacaria},
  title   = {Quantitative analysis of the leakage of confidential data},
  journal = {Electronic Notes in Theoretical Computer Science},
  year    = {2002},
  volume  = {59},
  number  = {3},
  pages   = {238--251},
}

@article{Clark:2005:QIF,
	Author = {D. Clark and S. Hunt and P. Malacaria},
	Journal = {Journal of Logic and Computation},
	Number = {2},
	pages = {181--199},
	Title = {Quantitative information flow, relations and polymorphic types},
	Volume = {15},
	Year = {2005}}

@article{Clark:2007:SAQ,
	Author = {D. Clark and S. Hunt and P. Malacaria},
	Journal = {Journal of Computer Security},
	Number = {3},
	Pages = {321--371},
	Title = {A static analysis for quantifying information flow in a simple imperative language},
	Volume = {15},
	Year = {2007}}

@InProceedings{Clarkson:2005:BIF,
  author    = {M. R. Clarkson and A. C. Myers and F. B. Schneider},
  title     = {Belief in information flow},
  booktitle = {18\textsuperscript{th} IEEE Workshop on Computer Security Foundations},
  year      = {2005},
  pages     = {31--45},
}
@InProceedings{sidebuster:ccs10,
  author    = {K. Zhang and Z. Li and R. Wang and X. Wang and S. Chen},
  title     = {{Sidebuster}: Automated detection and quantification of side-channel leaks in web application development},
  booktitle = {17\textsuperscript{th} ACM Conference on Computer and Communications Security},
  year      = {2010},
  pages     = {595--606},
}

@inproceedings{mardziel2014quantifying,
  title={Quantifying information flow for dynamic secrets},
  author={P. Mardziel and M. S. Alvim and M. Hicks and M. R. Clarkson},
  booktitle={35\textsuperscript{th} IEEE Symposium on Security and Privacy},
  pages={540--555},
  year={2014},
}

@INPROCEEDINGS{Pasareanu:CSF:2016, 
author={C. S. P\u{a}s\u{a}reanu and Q. Phan and P. Malacaria}, 
booktitle={29\textsuperscript{th} IEEE Computer Security Foundations Symposium}, 
title={Multi-run side-channel analysis using symbolic execution and max-{SMT}}, 
year={2016}, 
pages={387--400}, 
}
@INPROCEEDINGS{randQIF, 
author={B. K{\"o}pf and A. Rybalchenko}, 
booktitle={23\textsuperscript{rd} IEEE Computer Security Foundations Symposium}, 
title={Approximation and Randomization for Quantitative Information-Flow Analysis}, 
year={2010}, 
volume={}, 
number={}, 
pages={3--14}, 
doi={10.1109/CSF.2010.8}, 
ISSN={1063-6900}, 
XXmonth={July},}
@InProceedings{Phan:2014:AMC:2590296.2590328,
  author    = {Q. Phan  and P. Malacaria},
  title     = {Abstract model counting: A novel approach for quantification of information leaks},
  booktitle = {9\textsuperscript{th} ACM Symposium on Information, Computer and Communications Security},
  year      = {2014},
  pages     = {283--292},
}


@InProceedings{webTomorrow:sp10,
  author     = {S. Chen and R. Wang and X. Wang and K. Zhang},
  title      = {Side-channel leaks in web applications: A reality today, a challenge tomorrow},
  booktitle  = {31\textsuperscript{st} IEEE Symposium on Security and Privacy},
  year       = {2010},
  pages      = {191--206},
}
@inproceedings{Kelsey:2002:CIL:647937.741226,
 author = {J. Kelsey},
 title = {Compression and information leakage of plaintext},
 booktitle = {9\textsuperscript{th} International Workshop on Fast Software Encryption},
 year = {2002},
 pages = {263--276},
} 

@misc{smaz,
  author = {S. Sanfilippo},
  title = {Small strings compression library},
  year = {2009},
  publisher = {GitHub},
  journal = {GitHub repository},
  howpublished = {\url{https://github.com/antirez/smaz}}
}

@article{tcp:1985,
  title={A weakness in the 4.2 {BSD} {Unix} {TCP/IP} Software},
  author={MORRIS, RT},
  journal={AT\&T Bell Labs, Tech. Rep. Comput. Sci.},
  volume={117},
  year={1985}
}

@misc{tcp:1999,
    Key = {Linux},
	Howpublished = {\url{http://www.securityfocus.com/bid/580/info}},
	Title = {Linux blind {TCP} spoofing vulnerability},
	Year = {1999}}

@INPROCEEDINGS{geoffrey2011, 
author={G. Smith}, 
booktitle={8\textsuperscript{th} International Conference on Quantitative Evaluation of Systems}, 
title={Quantifying Information Flow Using Min-Entropy}, 
year={2011}, 
pages={159--167},  
doi={10.1109/QEST.2011.31}, 
XXmonth=sep,
}
@article{doi:10.1137/060651380,
author = {Y. Dodis and R. Ostrovsky and L. Reyzin and A. Smith},
title = {Fuzzy Extractors: How to Generate Strong Keys from Biometrics and Other Noisy Data},
journal = {SIAM Journal on Computing},
volume = {38},
number = {1},
pages = {97-139},
year = {2008},
doi = {10.1137/060651380},
}

@inproceedings{Malacaria:2007:AST,
	author = {P. Malacaria},
 title = {Assessing security threats of looping constructs},
 booktitle = {34\textsuperscript{th} ACM Symposium on Principles of Programming Languages},
 year = {2007},
 pages = {225--235},
 numpages = {11}
 }
@inproceedings{cadar08:klee,
  author = "C. Cadar and D. Dunbar and D. Engler",
  title = "{KLEE}: Unassisted and automatic generation of high-coverage tests for complex systems programs",
  booktitle = "8\textsuperscript{th} USENIX Symposium on Operating Systems Design and Implementation",
  XXmonth = dec,
  year = 2008,
  pages={209--224},
}

@inproceedings{chipounov11:s2e,
  author = {V. Chipounov and V. Kuznetsov and G. Candea},
  title = {{S2E}: a platform for in-vivo multi-path analysis of software systems},
  booktitle = {16\textsuperscript{th} International Conference on Architectural Support for Programming Languages and Operating Systems},
  year = 2011,
  pages = {265--278},
} 

@inproceedings{Alawatugoda2015,
author="Alawatugoda, J. and Stebila, D. and Boyd, C.",
title={Protecting encrypted cookies from compression side-channel
attacks},
booktitle={Financial Cryptography and Data Security},
year=2015,
pages={86--106},
}


@inproceedings{Qian:2012:CTS,
	Acmid = {2382258},
	XXAddress = {New York, NY, USA},
	Author = {Z. Qian and Z. M. Mao and T. Xie},
	Booktitle = {19\textsuperscript{th} ACM Conference on Computer and Communications Security},
	Pages = {593--604},
	Title = {Collaborative {TCP} sequence number inference attack -- How to crack sequence number under a second},
	Year = {2012},
}
@inproceedings{Kuznetsov:2012:ESM,
 author = {V. Kuznetsov and J. Kinder and S. Bucur and G. Candea},
 title = {Efficient state merging in symbolic execution},
 booktitle = {33\textsuperscript{rd} ACM Conference on Programming Language Design and Implementation},
 year = {2012},
 pages = {193--204},
} 

@inproceedings{soos2016cryptominisat,
  author    = {M. Soos and
               K. Nohl and
               C. Castelluccia},
  title     = {Extending {SAT} Solvers to Cryptographic Problems},
booktitle = {Proceedings of the 12\textsuperscript{th} International Conference on Theory and Applications of Satisfiability Testing},
pages = {244-–257},
XXXXlocation = {Swansea, UK},
XXseries = {SAT ’09},
year = {2009}
}

@article{ivrii2016computing,
  title={On computing minimal independent support and its applications to sampling and counting},
  author={A. Ivrii  and S. Malik and K. S. Meel and M. Y. Vardi},
  journal={Constraints},
  volume={21},
  number={1},
  pages={41--58},
  year={2016},
  XXmonth=jan,
  publisher={Springer}
}
@inproceedings{Kellaris:2016:GAS:2976749.2978386,
	Author = {G. Kellaris and G. Kollios and K. Nissim and A. O'Neill},
	Booktitle = {23\textsuperscript{rd} ACM Conference on Computer and Communications Security},
	Pages = {1329--1340},
	Title = {Generic attacks on secure outsourced databases},
	Year = {2016}}

@InProceedings{trafficcounter,
  author     = {K. P. Dyer and S. E. Coull and T. Ristenpart and T. Shrimpton},
  title      = {Peek-a-boo, {I} still see you: Why efficient traffic analysis countermeasures fail},
  booktitle  = {33\textsuperscript{rd} IEEE Symposium on Security and Privacy},
  year       = {2012},
  pages      = {332--346},
}

@InProceedings{zhiyun:2016,
  author    = {Y. Cao and Z. Qian and Z. Wang and T. Dao and S. V. Krishnamurthy and L. M. Marvel},
  title     = {Off-path {TCP} exploits: Global rate limit considered dangerous},
  booktitle = {25\textsuperscript{th} USENIX Security Symposium},
  year      = {2016},
  pages     = {209--225},
}
@inproceedings{dike2001user,
	Author = {J. Dike},
	Booktitle = {5\textsuperscript{th} Annual Linux Showcase \& Conference},
	Title = {User-mode {Linux}},
	Year = {2001},
	pages={3--14}
}

@InProceedings{Chen:static,
  author    = {Q. A. Chen  and Z. Qian and Y. J. Jia and Y. Shao and Z. M. Mao},
  title     = {Static detection of packet injection vulnerabilities: A case for identifying attacker-controlled implicit information leaks},
  booktitle = {22\textsuperscript{nd} ACM Conference on Computer and Communications Security},
  year      = {2015},
pages = {388--400}
}


%%%%General

@inproceedings{kocher1996timing,
  title={Timing attacks on implementations of Diffie-Hellman, RSA, DSS, and other systems},
  author={P. C. Kocher},
  booktitle={Annual International Cryptology Conference},
  pages={104--113},
  year={1996},
  organization={Springer}
}

@article{gomes2008model,
  title={Model counting},
  author={C. P. Gomes and A. Sabharwal and B. Selman},
  year={2008},
  journal={Handbook of Satisfiability},
  pages={633--654}
}

@techreport{intelSpectre,
title={Intel Analysis of Speculative Execution Side Channels},
month={Jan},
year={2018},
institution={Intel Corp.},
url={https://www.intel.com/content/www/us/en/architecture-and-technology/intel-analysis-of-speculative-execution-side-channels-paper.html}
}

@INPROCEEDINGS{QIFverilog,
author={X. {Guo} and R. G. {Dutta} and J. {He} and M. M. {Tehranipoor} and Y. {Jin}},
booktitle={IEEE International Symposium on Hardware Oriented Security and Trust},
title={QIF-Verilog: Quantitative Information-Flow based Hardware Description Languages for Pre-Silicon Security Assessment},
year={2019},
pages={91--100},
XXmonth={May},}

@InProceedings{Gray:2991:TMF,
  author    = {J. W. Gray},
  title     = {Toward a mathematical foundation for information flow security},
  booktitle = {12\textsuperscript{nd} IEEE Symposium on Security and Privacy},
  year      = {1991},
  pages     = {21--34},
}

@inproceedings{canella2019systematic,
  title={A systematic evaluation of transient execution attacks and defenses},
  author={C. Canella and J. V. Bulck and M. Schwarz and M. Lipp and B.
V. Berg  and P. Ortner and F. Piessens and D. Evtyushkin and D. Gruss},
  booktitle={28\textsuperscript{th} USENIX Security Symposium},
  pages={249--266},
  year={2019}
}

@inproceedings{chapman2011automated,
  title={Automated black-box detection of side-channel vulnerabilities in web applications},
  author={P. Chapman and D. Evans},
  booktitle={18\textsuperscript{th} ACM Conference on Computer and
Communications Security},
  pages={263--274},
  year={2011}
}

@inproceedings {specFuzz,
author = {O. Oleksii and T. Bohdan and S. Mark and F. Christof},
title = {{SpecFuzz}: Bringing Spectre-type vulnerabilities to the surface},
booktitle = {29\textsuperscript{th} USENIX Security Symposium},
year = {2020},
url = {https://www.usenix.org/conference/usenixsecurity20/presentation/oleksenko},
address = {Boston, MA},
XXmonth = aug,
}

@inproceedings{schwartz2010all,
  title={All you ever wanted to know about dynamic taint analysis and forward symbolic execution (but might have been afraid to ask)},
  author={E. J. Schwartz and T. Avgerinos and D. Brumley},
  booktitle={31\textsuperscript{th} IEEE Symposium on Security and Privacy},
  pages={317--331},
  year={2010},
}

@inproceedings{sscf,
 author = {Z. Zhou and Z.Y Qian and M. K. Reiter and Y. Zhang},
 title = {Static Evaluation of Noninterference using
Approximate Model Counting},
 booktitle = {39\textsuperscript{th} IEEE Symposium on Security and Privacy},
 year = {2018},
pages={514--528},
}

@inproceedings{ruiHardware,
author={R. Zhang and C. Deutschbein and P. Huang and C. Sturton},
title={End-to-End Automated Exploit Generation for Validating the Security of
Processor Designs},
booktitle={51\textsuperscript{st} IEEE/ACM International Symposium on Microarchitecture
},
pages = {815-–827},
year={2018},
} 


@inproceedings{quantifySymCache,
 author = {S. Chattopadhyay and M. Beck and A. Rezine and A. Zeller},
 title = {Quantifying the Information Leak in Cache Attacks via Symbolic Execution},
 booktitle = {15\textsuperscript{th} ACM International Conference on Formal Methods and Models for System Design},
 year = {2017},
 isbn = {978-1-4503-5093-8},
 XXlocation = {Vienna, Austria},
 pages = {25--35},
 numpages = {11},
 address = {New York, NY, USA},
}

@inproceedings{malacaria2018symbolic,
  title={Symbolic Side-Channel Analysis for Probabilistic Programs},
  author={P. Malacaria and MHR. Khouzani and C. S. Pasareanu and Q.
Phan and K. Luckow},
  booktitle={31\textsuperscript{st} IEEE Computer Security Foundations Symposium},
  pages={313--327},
  year={2018},
}

@inproceedings{Xiao2019SPEECHMINERAF,
  title={{SPEECHMINER}: A Framework for Investigating and Measuring Speculative Execution Vulnerabilities},
  author={Y. Xiao and Y. Zhang and R. Teodorescu},
  booktitle={27\textsuperscript{th} Network and Distributed System Security Symposium},
  year={2020},
  url={https://dx.doi.org/10.14722/ndss.2020.23105}
}


@inproceedings{Chakraborty:2013:SAM:2961240.2961265,
	Author = {S. Chakraborty and K. S. Meel and M. Y. Vardi},
	Booktitle = {Principles and Practice of Constraint Programming},
	Series = {LNCS},
	Title = {A scalable approximate model counter},
	Volume = 8124,
	pages={200--216},
	Year = 2013}
}
@inproceedings{SM19,
author={M. Soos and  K. S. Meel},
title={{BIRD}: Engineering an Efficient {CNF-XOR} {SAT} Solver and its Applications to Approximate Model Counting},
booktitle={36\textsuperscript{th} AAAI Conference on Artificial Intelligence},
XXmonth={1},
year={2019},
volume={33},
pages={1592--1599},
code={https://github.com/meelgroup/approxmc},
}


@inproceedings{spectre,
  title={Spectre attacks: Exploiting speculative execution},
  author={P. Kocher and J. Horn and A. Fogh and D. Genkin and D. Gruss
and W. Haas and M. Hamburg and M. Lipp and S. Mangard and T. Prescher},
  booktitle={40\textsuperscript{th} IEEE Symposium on Security and Privacy},
  pages={1--19},
  year={2019},
}
@inproceedings{meltdown,
 author = {M. Lipp and M. Schwarz and D. Gruss and T. Prescher and W.
Haas and A. Fogh and J. Horn and S. Mangard and P. Kocher and S. Genkin
and Y. Yarom and M. Hamburg},
 title = {{Meltdown}: Reading Kernel Memory from User Space},
 booktitle = {27\textsuperscript{th} USENIX Security Symposium},
 year = {2018},
 pages={973--990}
}
@inproceedings{lime,
 author = {M. T. Ribeiro and S. Singh and C. Guestrin},
 title = {"{Why} Should I Trust You?": Explaining the Predictions of Any Classifier},
 booktitle = {22\textsuperscript{nd} ACM SIGKDD International Conference on Knowledge Discovery and Data Mining},
 year = {2016},
 XXlocation = {San Francisco, California, USA},
 pages = {1135--1144},
 numpages = {10},
 address = {New York, NY, USA},
}


@inproceedings{webtomorrow,
  title={Side-channel leaks in web applications: A reality today, a challenge tomorrow},
  author={S. Chen and R. Wang and X. Wang and K. Zhang},
  booktitle={31\textsuperscript{st} IEEE Symposium on Security and Privacy},
  pages={191--206},
  year={2010},
}

@inproceedings{liu2015practical,
  author = {F. Liu and Y. Yarom and Q. Ge and G. Heiser and R. B. Lee},
  title = {Last-level cache side-channel attacks are practical},
  booktitle = {36\textsuperscript{th} IEEE Symposium on Security and Privacy},
  year = 2015,
  pages={605--622},
}


@inproceedings{quicktest,
 author = {C. Hritcu and J. Hughes and B. C. Pierce and A. Spector-Zabusky and D. Vytiniotis and A. Azevedo de Amorim and L. Lampropoulos},
 title = {Testing noninterference, quickly},
 booktitle = {18\textsuperscript{th} ACM International Conference on Functional Programming},
 year = {2013},
 pages = {455--468},
} 




%%%%%%%%%%QIF%%%%%%%%
@inproceedings{clarkson2005belief,
  title={Belief in information flow},
  author={M. R. Clarkson and A. C. Myers and F. B. Schneider},
  booktitle={18\textsuperscript{th} IEEE Computer Security Foundations Workshop},
  pages={31--45},
  year={2005},
}
@article{clark2007static,
  title={A static analysis for quantifying information flow in a simple imperative language},
  author={Clark, David and Hunt, Sebastian and Malacaria, Pasquale},
  journal={Journal of Computer Security},
  volume={15},
  number={3},
  pages={321--371},
  year={2007},
  publisher={IOS Press}
}
@inproceedings{smith2009foundations,
  title={On the foundations of quantitative information flow},
  author={G. Smith},
  booktitle={International Conference on Foundations of Software Science and Computational Structures},
  pages={288--302},
  year={2009},
  organization={Springer}
}
@book{denning1982cryptography,
  title={Cryptography and data security},
  author={D. E. R. Denning},
  volume={112},
  year={1982},
  publisher={Addison-Wesley Reading}
}

@InProceedings{Doychev:2013:CTS,
  author    = {G. Doychev and B. K{\"o}pf and L. Mauborgne and J. Reineke},
  title     = {{CacheAudit}: A tool for the static analysis of cache side channels},
  booktitle = {22\textsuperscript{nd} USENIX Security Symposium},
  year      = {2013},
  pages     = {431--446},
}
@InProceedings{Kopf:2012:AQC,
  author    = {B. K\"{o}pf and L. Mauborgne and M. Ochoa},
  title     = {Automatic quantification of cache side-channels},
  booktitle = {24\textsuperscript{th} International Conference on Computer Aided Verification},
  year      = {2012},
  series    = {CAV},
  pages     = {564--580},
}

@InProceedings{Backes:2009:ADQ:1607723.1608130,
  author    = {M. Backes and B. K\"{o}pf and A. Rybalchenko},
  title     = {Automatic discovery and quantification of information leaks},
  booktitle = {30\textsuperscript{th} IEEE Symposium on Security and Privacy},
  year      = {2009},
  pages     = {141--153},
}

@inproceedings{Kopf:2007:IMA:1315245.1315282,
 author = {B. K\"{o}pf and D. Basin},
 title = {An information-theoretic model for adaptive side-channel attacks},
 booktitle = { 14\textsuperscript{th} ACM Conference on Computer and Communications Security},
 year = {2007},
 pages = {286--296},
} 

@inproceedings{cryptoeprint:2017:401,
  title={Synthesis of adaptive side-channel attacks},
  author={Q. Phan and L. Bang and C. S. P\u{a}s\u{a}reanu and P.
Malacaria and T. Bultan},
  booktitle={30\textsuperscript{th} IEEE Computer Security Foundations Symposium},
  pages={328--342},
  year={2017},
}

@article{Phan:2012:SQI,
 author = {Q. Phan and P. Malacaria and Q. Tkachuk and C. S. P\u{a}s\u{a}reanu},
 title = {Symbolic Quantitative Information Flow},
 journal = {SIGSOFT Softw. Eng. Notes},
 volume = {37},
 number = {6},
 year = {2012},
 pages = {1--5},
 numpages = {5},
 publisher = {ACM},
 address = {New York, NY, USA},
}


@article{Delft2015DependencyBasedIF,
  title={Dependency-Based Information Flow Analysis with Declassification in a Program Logic},
  author={B. V. Delft and R. Bubel},
  journal={CoRR},
  year={2015},
  volume={abs/1509.04153}
}

@article{Sabelfeld:2009:DDP:1662658.1662659,
 author = {A. Sabelfeld and D. Sands},
 title = {Declassification: Dimensions and Principles},
 journal = {Journal of Computer Security},
 XXmonth = oct,
 year = {2009},
 pages = {517--548},
 publisher = {IOS Press},
 address = {Amsterdam, The Netherlands, The Netherlands},
}

@inproceedings{chong2004security,
  title={Security policies for downgrading},
  author={S. Chong and A. C. Myers},
  booktitle={11\textsuperscript{th} ACM conference on Computer and communications security},
  pages={198--209},
  year={2004}
}
@inproceedings{ferraiuolo2017verification,
  title={Verification of a practical hardware security architecture through static information flow analysis},
  author={A. Ferraiuolo and R. Xu and D. Zhang and A. C. Myers and
G.E. Suh},
  booktitle={22\textsuperscript{nd} International Conference on Architectural Support for Programming Languages and Operating Systems},
  pages={555--568},
  year={2017}
}

@inproceedings{sabelfeld2003model,
  title={A model for delimited information release},
  author={A. Sabelfeld and A. C. Myers},
  booktitle={International Symposium on Software Security},
  pages={174--191},
  year={2003},
  organization={Springer}
}

@article{giacobazzi2004abstract,
  title={Abstract non-interference: Parameterizing non-interference by abstract interpretation},
  author={R. Giacobazzi and I. Mastroeni},
  journal={ACM SIGPLAN Notices},
  volume={39},
  number={1},
  pages={186--197},
  year={2004},
  publisher={ACM New York, NY, USA}
}

@article{giacobazzi2018abstract,
  title={Abstract non-interference: a unifying framework for weakening information-flow},
  author={R. Giacobazzi and I. Mastroeni},
  journal={ACM Transactions on Privacy and Security (TOPS)},
  volume={21},
  number={2},
  pages={1--31},
  year={2018},
  publisher={ACM New York, NY, USA}
}
@inproceedings{banerjee2008expressive,
  title={Expressive declassification policies and modular static enforcement},
  author={A. Banerjee and D. A. Naumann and S. Rosenberg},
  booktitle={29\textsuperscript{th} IEEE Symposium on Security and Privacy},
  pages={339--353},
  year={2008},
}

@Article{Hammer2009,
author={C. Hammer and G. Snelting},
title="Flow-sensitive, context-sensitive, and object-sensitive information flow control based on program dependence graphs",
journal="International Journal of Information Security",
year="2009",
XXmonth="Dec",
XXday="01",
volume="8",
number="6",
pages="399--422",
}

@inproceedings{chen2017precise,
  title={Precise detection of side-channel vulnerabilities using quantitative cartesian {Hoare} logic},
  author={J. Chen and Y. Feng and I. Dillig},
 booktitle = {24\textsuperscript{th} ACM Conference on Computer and Communications Security},
  pages={875--890},
  year={2017}
}
@article{DiPierro:2004:AN,
	Author = {A. D. Pierro and C. Hankin and H. Wiklicky},
	Journal = {Journal of Computer Security},
	Month = jan,
	Number = {1},
	Pages = {37--81},
	Title = {Approximate non-interference},
	Volume = {12},
	Year = {2004}
}


%%%%%%%%%%%%%%CACHE SIDE CHANNEL
@inproceedings{cachebar,
 author = {Z. Zhou and M. K. Reiter and Y. Zhang},
 title = {A Software Approach to Defeating Side Channels in Last-Level Caches},
 booktitle = {23\textsuperscript{rd} ACM Conference on Computer and Communications Security},
 year = {2016},
 pages = {871--882}
}

@inproceedings{wang2007new,
  title={New cache designs for thwarting software cache-based side channel attacks},
  author={Z. Wang and R. B. Lee},
  booktitle={34\textsuperscript{th} International Symposium on
Computer Architecture},
  pages={494--505},
  year={2007}
}


@inproceedings{irazoqui2014wait,
  title={Wait a minute! {A} fast, cross-{VM} attack on {AES}},
  author={G. Irazoqui and M. S. Inci and T. Eisenbarth and B. Sunar},
  booktitle={Research in Attacks, Intrusions and Defenses -- RAID 2014},
  pages={299--319},
  year={2014},
  series={LNCS},
  volume=8688,
  publisher={Springer}
}

@inproceedings{bernstein2017sliding,
  title={Sliding right into disaster: Left-to-right sliding windows leak},
  author={D. J. Bernstein and J. Breitner and D. Genkin and L. G.
Bruinderink and N. Heninger and T. Lange and C. V. Vredendaal and T. Yarom},
  booktitle={International Conference on Cryptographic Hardware and Embedded Systems},
  pages={555--576},
  year={2017},
  organization={Springer}
}

@inproceedings{yarom2014flush,
  title={{FLUSH+RELOAD}: A high resolution, low noise, {L3} cache side-channel attack},
  author={Y. Yarom and K. E. Falkner},
  booktitle = {23\textsuperscript{rd} USENIX Security Symposium},
  year={2014},
  pages={719--732}
}

@inproceedings{zhang2014cross,
  title={Cross-tenant side-channel attacks in {PaaS} clouds},
  author={Y. Zhang and A. Juels and M. K. Reiter and T. Ristenpart},
  booktitle = {21\textsuperscript{st} ACM Conference on Computer and Communications Security},
  pages={990--1003},
  year={2014}
}


@inproceedings{zhang2012cross,
  title={Cross-{VM} side channels and their use to extract private keys},
  author={Y. Zhang and A. Juels and M. K. Reiter and T. Ristenpart},
  booktitle = {19\textsuperscript{th} ACM Conference on Computer and Communications Security},
  pages={305--316},
  year={2012}
}

@inproceedings{ristenpart2009hey,
  title={Hey, you, get off of my cloud: Exploring information leakage in third-party compute clouds},
  author={T. Ristenpart and E. Tromer and H. Shacham and S. Savage},
  booktitle={16\textsuperscript{th} ACM Conference on Computer and Communications Security},
  pages={199--212},
  year={2009}
}

@inproceedings {scattercache,
author = {M. Werner and T. Unterluggauer and L. Giner and M. Schwarz
and D. Gruss and S. Mangard},
title = {{ScatterCache}: Thwarting Cache Attacks via Cache Set Randomization},
booktitle = {28\textsuperscript{th} USENIX Security Symposium },
year = {2019},
isbn = {978-1-939133-06-9},
address = {Santa Clara, CA},
pages = {675--692},
XXmonth = aug,
}
@inproceedings{phantomCache,
  title={PhantomCache: Obfuscating Cache Conflicts with Localized Randomization},
  author={Tan, Qinhan and Zeng, Zhihua and Bu, Kai and Ren, Kui},
  booktitle = {27\textsuperscript{th} Network and Distributed System Security Symposium },
  year={2020},
  url={https://dx.doi.org/10.14722/ndss.2020.24086}
}
%%%
 
@inproceedings{iodines,
  title={{IODINE}: Verifying Constant-Time Execution of Hardware},
  author={K. v. Gleissenthall and R. G. K{\i}c{\i} and D. Stefan and R. Jhala},
  booktitle={28\textsuperscript{th} USENIX Security Symposium },
  pages={1411--1428},
  year={2019}
}
  
@inproceedings{secVerilog,
author = {D. Zhang and Y. Wang and G. E. Suh and A. C. Myers},
title = {A Hardware Design Language for Timing-Sensitive Information-Flow Security},
year = {2015},
publisher = {Association for Computing Machinery},
address = {New York, NY, USA},
doi = {10.1145/2694344.2694372},
booktitle = {20\textsuperscript{th} International Conference on Architectural Support for Programming Languages and Operating Systems},
pages = {503–516},
numpages = {14},
keywords = {information flow control, hardware description language, dependent types, timing channels},
XXlocation = {Istanbul, Turkey},
}
  


@article{friedman2008predictive,
  title={Predictive learning via rule ensembles},
  author={J. H. Friedman and B. E. Popescu},
  journal={The Annals of Applied Statistics},
  volume={2},
  number={3},
  pages={916--954},
  year={2008},
  publisher={Institute of Mathematical Statistics}
}
@article{cohen1999simple,
  title={A simple, fast, and effective rule learner},
  author={W. W. Cohen and Y. Singer},
  journal={16\textsuperscript{th} AAAI Conference on Artificial Intelligence},
  volume={99},
  pages={335--342},
  year={1999}
}

@article{fokkema2017pre,
   title={Fitting Prediction Rule Ensembles with {R} Package pre},
   volume={92},
   ISSN={1548-7660},
   number={12},
   journal={Journal of Statistical Software},
   publisher={Foundation for Open Access Statistic},
   author={M. Fokkema},
   year={2020},
   pages={1--30},
}


@inproceedings{ball2004slam,
  title={{SLAM} and Static Driver Verifier: {T}echnology transfer of
formal methods inside {M}icrosoft},
  author={T. Ball and B. Cook and V. Levin  and S. K. Rajamani},
  booktitle={International Conference on Integrated Formal Methods},
  pages={1--20},
  year={2004},
  organization={Springer}
}

@inproceedings{piette2008vivifying,
author = {C. Piette and Y. Hamadi and L. Sa\"{\i}s},
title = {Vivifying Propositional Clausal Formulae},
year = {2008},
isbn = {9781586038915},
publisher = {IOS Press},
address = {NLD},
booktitle = {18\textsuperscript{th} European Conference on Artificial Intelligence},
pages = {525–-529},	
}


@inproceedings{bacchus2003effective,
  title={Effective preprocessing with hyper-resolution and equality reduction},
  author={F. Bacchus and J. Winter},
  booktitle={International Conference on Theory and Applications of
Satisfiability Testing},
  pages={341--355},
  year={2003},
  organization={Springer}
}

@inproceedings{manthey2012coprocessor,
  title={Coprocessor 2.0--a flexible {CNF} simplifier},
  author={N. Manthey},
  booktitle={International Conference on Theory and Applications of Satisfiability Testing},
  pages={436--441},
  year={2012},
  organization={Springer}
}


@article{pnueli2002small,
  title={The small model property: How small can it be?},
  author={A, Pnueli and Y. Rodeh and O. Strichman and M. Siegel},
  journal={Information and Computation},
  volume={178},
  number={1},
  pages={279--293},
  year={2002},
  publisher={Elsevier}
}


@article{lagniez2017preprocessing,
  title={On preprocessing techniques and their impact on propositional model counting},
  author={J. Lagniez and P. Marquis},
  journal={Journal of Automated Reasoning},
  volume={58},
  number={4},
  pages={413--481},
  year={2017},
  publisher={Springer}
}


@inproceedings{lagniez2016improving,
  title={Improving model counting by leveraging definability},
author={J. Lagniez and E. Lonca and P. Marquis},
  booktitle={25\textsuperscript{th} International Joint Conference on Artificial Intelligence},
  pages={751--757},
  year={2016}
}
@inproceedings{klebanov2013sat,
  title={{SAT}-based analysis and quantification of information flow in programs},
  author={V. Klebanov and N. Manthey and C. Muise},
  booktitle={International Conference on Quantitative Evaluation of Systems},
  pages={177--192},
  year={2013},
  organization={Springer}
}
@inproceedings{projectedmodelcount,
  title={$\#\exists${SAT}: Projected Model Counting},
  author={R. A. Aziz and G. Chu and C. Muise and P. Stuckey},
  booktitle={International Conference on Theory and Applications of Satisfiability Testing},
  pages={121--137},
  year={2015},
  organization={Springer}
}

@MISC{Yosys,
	author = {C. Wolf},
	title = {Yosys Open SYnthesis Suite},
	howpublished = "\url{http://www.clifford.at/yosys/}"
}
@inproceedings{dutertre2015solving,
  title={Solving exists/forall problems with yices},
  author={B. Dutertre},
  booktitle={Workshop on Satisfiability Modulo Theories},
  year={2015},
url={http://smt2015.csl.sri.com/wp-content/uploads/2015/06/2015-Dutertre-Solving-Exists-Forall-Problems-With-Yices.pdf}
}

%%%%%% ML citation %%%%%%
@article{friedman2001greedy,
  title={Greedy function approximation: a gradient boosting machine},
  author={J. H. Friedman},
  journal={Annals of Statistics},
  pages={1189--1232},
  year={2001},
  publisher={JSTOR}
}

@inproceedings{chen2016xgboost,
  title={Xgboost: A scalable tree boosting system},
  author={T. Chen and C. Guestrin},
  booktitle={22\textsuperscript{rd} ACM SIGKDD
International Conference on Knowledge Discovery and Data Mining},
  pages={785--794},
  year={2016}
}


@article{fan1993local,
  title={Local linear regression smoothers and their minimax efficiencies},
  author={J. Fan},
  journal={The Annals of Statistics},
  pages={196--216},
  year={1993},
  publisher={JSTOR}
}

@inproceedings{ribeiro2018anchors,
  title={Anchors: High-precision model-agnostic explanations},
  author={M. T. Ribeiro and S. Singh and C. Guestrin},
  booktitle={32\textsuperscript{rd} AAAI Conference on Artificial Intelligence},
  year={2018},
  pages={1527--1535},
  XXurl = {https://www.aaai.org/ocs/index.php/AAAI/AAAI18/paper/view/16982}

}

@misc{chen2018interpretable,
    title={An Interpretable Model with Globally Consistent Explanations for Credit Risk},
author={C. Chen and K. Lin and C. Rudin and Y. Shaposhnik and S. Wang
and T. Wang},
    year={2018},
    eprint={1811.12615},
    archivePrefix={arXiv},
    primaryClass={cs.LG}
}

@book{molnar2019,
  title      = {Interpretable Machine Learning},
  author     = {C. Molnar},
  note       = {\url{https://christophm.github.io/interpretable-ml-book/}},
  year       = {2019},
  subtitle   = {A Guide for Making Black Box Models Explainable}
}

@article{fan2008liblinear,
  title={{LIBLINEAR}: A library for large linear classification},
  author={R. Fan and K. Chang and C. Hsieh and X. Wang and C. Lin},
  journal={Journal of Machine Learning Research},
  volume={9},
  number={Aug},
  pages={1871--1874},
  year={2008}
}


@article{godefroid2012sage,
author = {P. Godefroid and M. Y. Levin and D. Molnar},
title = {{SAGE}: Whitebox Fuzzing for Security Testing},
year = {2012},
issue_date = {January 2012},
publisher = {Association for Computing Machinery},
address = {New York, NY, USA},
volume = {10},
number = {1},
issn = {1542-7730},
journal = {Queue},
XXmonth = jan,
pages = {20–27},
numpages = {8}
}

@inproceedings{goguen1982security,
  title={Security policies and security models},
  author={J. A Goguen  and J. Meseguer},
  booktitle={3\textsuperscript{rd} IEEE Symposium on Security and Privacy},
  pages={11--20},
  year={1982},
}

@inproceedings{celio2017boomv2,
  title={{BOOMv2}: an open-source out-of-order {RISC-V} core},
  author={C. Celio and P. Chiu and B. Nikolic and D. A, Patterson and
K. Asanovic},
  booktitle={1\textsuperscript{st} Workshop on Computer Architecture Research with RISC-V (CARRV)},
  year={2017},
url={https://www2.eecs.berkeley.edu/Pubs/TechRpts/2017/EECS-2017-157.pdf}
}

@inproceedings{percival2005cache,
  author = {C. Percival},
  title = {Cache missing for fun and profit},
  booktitle = {BSDCan},
  year = 2005
}

@inproceedings{aciicmez2007icache,
  title = {Yet another microarchitectural attack: Exploiting {I-cache}},
  author = {O. Acii\c{c}mez},
  booktitle = {ACM Workshop on Computer Security Architecture},
  pages = {11-18},
  XXmonth = oct,
  year = 2007
}


